<?xml version="1.0" encoding="UTF-8"?><record xmlns="http://www.loc.gov/MARC21/slim" xmlns:cinclude="http://apache.org/cocoon/include/1.0" xmlns:zs="http://www.loc.gov/zing/srw/">
  <leader>00422nz  a2200133n  4500</leader>
  <controlfield tag="001">no2009105973</controlfield>
  <controlfield tag="003">DLC</controlfield>
  <controlfield tag="005">20090710075915.0</controlfield>
  <controlfield tag="008">090708n| acannaabn          |n aaa     c</controlfield>
  <datafield tag="010" ind1=" " ind2=" ">
    <subfield code="a">no2009105973</subfield>
  </datafield>
  <datafield tag="035" ind1=" " ind2=" ">
    <subfield code="a">(OCoLC)oca08167053</subfield>
  </datafield>
  <datafield tag="040" ind1=" " ind2=" ">
    <subfield code="a">OCoLC</subfield>
    <subfield code="b">eng</subfield>
    <subfield code="c">OCoLC</subfield>
  </datafield>
  <datafield tag="100" ind1="1" ind2=" ">
    <subfield code="a">Suzanne, Kristen</subfield>
  </datafield>
  <datafield tag="670" ind1=" " ind2=" ">
    <subfield code="a">OCLC #311864855: Kristen Suzanne's easy raw vegan salads &amp; dressings, c2009</subfield>
    <subfield code="b">(hdg.: Suzanne, Kristen; usage: Kristen Suzanne)</subfield>
  </datafield>
</record>